<record><leader>00000cas a22000007a 4500</leader><controlfield tag="001">9383598</controlfield><controlfield tag="008">830407d18321833nyuwr ne      0    0eng d</controlfield><controlfield tag="009">3781</controlfield><datafield ind1=" " ind2=" " tag="010"><subfield code="a">sn 83030175 </subfield></datafield><datafield ind1=" " ind2=" " tag="040"><subfield code="a">NPU</subfield><subfield code="b">eng</subfield><subfield code="c">NPU</subfield><subfield code="d">NPX</subfield><subfield code="d">NYS</subfield><subfield code="d">OCL</subfield><subfield code="d">OCLCF</subfield><subfield code="d">OCLCO</subfield></datafield><datafield ind1=" " ind2=" " tag="042"><subfield code="a">msc</subfield></datafield><datafield ind1="0" ind2="0" tag="245"><subfield code="a">New York weekly messenger.</subfield></datafield><datafield ind1="0" ind2="3" tag="246"><subfield code="a">Weekly messenger</subfield></datafield><datafield ind1=" " ind2=" " tag="260"><subfield code="a">New York [N.Y.] :</subfield><subfield code="b">Burnett &amp; Smith,</subfield><subfield code="c">1832-1833.</subfield></datafield><datafield ind1=" " ind2=" " tag="300"><subfield code="a">27 nos. ;</subfield><subfield code="c">59 cm.</subfield></datafield><datafield ind1=" " ind2=" " tag="310"><subfield code="a">Weekly</subfield></datafield><datafield ind1="0" ind2=" " tag="362"><subfield code="a">Vol. 2, no. 4 (Aug. 15, 1832)-v. 2, no. 30 (Feb. 13, 1833).</subfield></datafield><datafield ind1=" " ind2="0" tag="651"><subfield code="a">New York (N.Y.)</subfield><subfield code="v">Newspapers.</subfield></datafield><datafield ind1=" " ind2="7" tag="655"><subfield code="a">Newspapers.</subfield><subfield code="2">fast</subfield><subfield code="0">(OCoLC)fst01423814</subfield></datafield><datafield ind1=" " ind2="7" tag="651"><subfield code="a">New York (State)</subfield><subfield code="z">New York.</subfield><subfield code="2">fast</subfield><subfield code="0">(OCoLC)fst01204333</subfield></datafield><datafield ind1=" " ind2=" " tag="752"><subfield code="a">United States</subfield><subfield code="b">New York</subfield><subfield code="c">New York</subfield><subfield code="d">New York.</subfield></datafield><datafield ind1="0" ind2="0" tag="780"><subfield code="t">Badger's weekly messenger</subfield><subfield code="w">(DLC)sn 83030176</subfield></datafield><datafield ind1="0" ind2="7" tag="785"><subfield code="t">Young men's advocate</subfield><subfield code="w">(DLC)sn 83030655</subfield></datafield><datafield ind1="0" ind2="7" tag="785"><subfield code="t">New York weekly messenger, and young men's advocate</subfield><subfield code="w">(DLC)sn 83030177</subfield></datafield></record>